<record><leader>00000cas a2200000 a 4500</leader><controlfield tag="001">36684544</controlfield><controlfield tag="008">970407d19561958fluwr ne      0    0eng c</controlfield><datafield ind1=" " ind2=" " tag="010"><subfield code="a">sn 97027700 </subfield></datafield><datafield ind1=" " ind2=" " tag="040"><subfield code="a">FUG</subfield><subfield code="b">eng</subfield><subfield code="c">FUG</subfield><subfield code="d">OCLCQ</subfield><subfield code="d">OCLCF</subfield><subfield code="d">OCLCO</subfield></datafield><datafield ind1="1" ind2=" " tag="029"><subfield code="a">AU@</subfield><subfield code="b">000013196526</subfield></datafield><datafield ind1=" " ind2=" " tag="042"><subfield code="a">pcc</subfield></datafield><datafield ind1=" " ind2=" " tag="043"><subfield code="a">n-us-fl</subfield></datafield><datafield ind1="0" ind2="0" tag="245"><subfield code="a">Key sun.</subfield></datafield><datafield ind1=" " ind2=" " tag="260"><subfield code="a">St. Armands Key, Fla. :</subfield><subfield code="b">Guy Paschal,</subfield><subfield code="c">1956-1958.</subfield></datafield><datafield ind1=" " ind2=" " tag="300"><subfield code="a">2 v. :</subfield><subfield code="b">ill. ;</subfield><subfield code="c">22-37 cm.</subfield></datafield><datafield ind1=" " ind2=" " tag="310"><subfield code="a">Weekly</subfield></datafield><datafield ind1="0" ind2=" " tag="362"><subfield code="a">Vol. 1, no. 1 (Nov. 30, 1956)-2nd year, no. 12 (Feb. 14, 1958).</subfield></datafield><datafield ind1=" " ind2=" " tag="500"><subfield code="a">"The newspaper of St. Armands &amp; Lido Keys."</subfield></datafield><datafield ind1=" " ind2=" " tag="500"><subfield code="a">"Published every Friday at Sarasota, Fla."</subfield></datafield><datafield ind1=" " ind2=" " tag="580"><subfield code="a">Issued with: Longboat lookout.</subfield></datafield><datafield ind1=" " ind2="0" tag="651"><subfield code="a">Saint Armands Key (Fla.)</subfield><subfield code="v">Newspapers.</subfield></datafield><datafield ind1=" " ind2="0" tag="651"><subfield code="a">Lido Key (Fla.)</subfield><subfield code="v">Newspapers.</subfield></datafield><datafield ind1=" " ind2="0" tag="651"><subfield code="a">Sarasota (Fla.)</subfield><subfield code="v">Newspapers.</subfield></datafield><datafield ind1=" " ind2="0" tag="651"><subfield code="a">Sarasota County (Fla.)</subfield><subfield code="v">Newspapers.</subfield></datafield><datafield ind1=" " ind2="7" tag="655"><subfield code="a">Newspapers.</subfield><subfield code="2">fast</subfield><subfield code="0">(OCoLC)fst01423814</subfield></datafield><datafield ind1=" " ind2="7" tag="651"><subfield code="a">Florida</subfield><subfield code="z">Lido Key.</subfield><subfield code="2">fast</subfield><subfield code="0">(OCoLC)fst01241082</subfield></datafield><datafield ind1=" " ind2="7" tag="651"><subfield code="a">Florida</subfield><subfield code="z">Saint Armands Key.</subfield><subfield code="2">fast</subfield><subfield code="0">(OCoLC)fst01242110</subfield></datafield><datafield ind1=" " ind2="7" tag="651"><subfield code="a">Florida</subfield><subfield code="z">Sarasota.</subfield><subfield code="2">fast</subfield><subfield code="0">(OCoLC)fst01207248</subfield></datafield><datafield ind1=" " ind2="7" tag="651"><subfield code="a">Florida</subfield><subfield code="z">Sarasota County.</subfield><subfield code="2">fast</subfield><subfield code="0">(OCoLC)fst01214943</subfield></datafield><datafield ind1=" " ind2=" " tag="752"><subfield code="a">United States</subfield><subfield code="b">Florida</subfield><subfield code="c">Sarasora</subfield><subfield code="d">Sarasota.</subfield></datafield><datafield ind1=" " ind2=" " tag="752"><subfield code="a">United States</subfield><subfield code="b">Florida</subfield><subfield code="c">Sarasota</subfield><subfield code="d">Saint Armands Key.</subfield></datafield><datafield ind1=" " ind2=" " tag="752"><subfield code="a">United States</subfield><subfield code="b">Florida</subfield><subfield code="c">Sarasota</subfield><subfield code="d">Lido Key.</subfield></datafield><datafield ind1="1" ind2=" " tag="777"><subfield code="t">Longboat lookout</subfield><subfield code="w">(DLC)sn 97027699</subfield><subfield code="w">(OCoLC)36684542</subfield></datafield><datafield ind1="0" ind2="7" tag="785"><subfield code="t">Longboat lookout</subfield><subfield code="w">(DLC)sn 97027699</subfield><subfield code="w">(OCoLC)36684542</subfield></datafield><datafield ind1="0" ind2="7" tag="785"><subfield code="t">Key look-out</subfield><subfield code="w">(DLC)sn 83016272</subfield><subfield code="w">(OCoLC)2719824</subfield></datafield></record>